<marc:record xmlns:marc="http://www.loc.gov/MARC21/slim" xmlns:xsi="http://www.w3.org/2001/XMLSchema-instance" xsi:schemaLocation="http://www.loc.gov/MARC21/slim http://www.loc.gov/standards/marcxml/schema/MARC21slim.xsd">
<marc:leader>00345nam a2200145   45 0</marc:leader>
<marc:controlfield tag="001">1284588</marc:controlfield>
<marc:controlfield tag="003">NL-AMISG</marc:controlfield>
<marc:controlfield tag="005">20090702122232.0</marc:controlfield>
<marc:controlfield tag="008">200907suuuuuuuudk |||||||||||||||||dan d</marc:controlfield>
<marc:datafield ind1=" " ind2=" " tag="035">
<marc:subfield code="a">(IISG)IISGb11067059</marc:subfield>
</marc:datafield>
<marc:datafield ind1=" " ind2=" " tag="040">
<marc:subfield code="a">NL-AmISG</marc:subfield>
</marc:datafield>
<marc:datafield ind1="0" ind2=" " tag="041">
<marc:subfield code="a">dan</marc:subfield>
</marc:datafield>
<marc:datafield ind1=" " ind2=" " tag="044">
<marc:subfield code="a">dk</marc:subfield>
</marc:datafield>
<marc:datafield ind1="1" ind2="0" tag="245">
<marc:subfield code="a">Han lever!</marc:subfield>
</marc:datafield>
<marc:datafield ind1=" " ind2=" " tag="260">
<marc:subfield code="a">Hellerup :</marc:subfield>
<marc:subfield code="b">Pam Den Patriotiske Fronts Danske Komite,</marc:subfield>
<marc:subfield code="c">[1970]</marc:subfield>
</marc:datafield>
<marc:datafield ind1=" " ind2=" " tag="300">
<marc:subfield code="a">[16] p.</marc:subfield>
</marc:datafield>
<marc:datafield ind1="4" ind2=" " tag="852">
<marc:subfield code="a">IISG</marc:subfield>
<marc:subfield code="b">IISG</marc:subfield>
<marc:subfield code="c">IISG</marc:subfield>
<marc:subfield code="j">Bro 5625/8</marc:subfield>
<marc:subfield code="n">Available</marc:subfield>
<marc:subfield code="p">N10776456</marc:subfield>
</marc:datafield>
<marc:datafield ind1=" " ind2=" " tag="901">
<marc:subfield code="a">1284588</marc:subfield>
<marc:subfield code="b">Unknown</marc:subfield>
<marc:subfield code="c">1284588</marc:subfield>
<marc:subfield code="t">biblio</marc:subfield>
</marc:datafield>
<marc:datafield ind1=" " ind2=" " tag="902">
<marc:subfield code="a">10622/05BA6BC8-ECAE-4A22-A332-28F0F2B18ABE</marc:subfield>
</marc:datafield></marc:record>